<?xml version = "1.0" encoding = "UTF-8"?><OAI-PMH xmlns="http://www.openarchives.org/OAI/2.0/" xmlns:xsi="http://www.w3.org/2001/XMLSchema-instance" xsi:schemaLocation="http://www.openarchives.org/OAI/2.0/ http://www.openarchives.org/OAI/2.0/OAI-PMH.xsd"><ListRecords><record><header><identifier>aleph-publish:008391846</identifier></header><metadata><record xmlns="http://www.ddb.de/professionell/mabxml/mabxml-1.xsd"><leader>00311vM2.01200024------u</leader><controlfield tag="LDR">00311vM2.01200024------u</controlfield><controlfield tag="FMT">MU</controlfield><datafield tag="001" ind1="-" ind2="1"><subfield code="a">HT006722005</subfield></datafield><datafield tag="001" ind1="-" ind2="2"><subfield code="a">HT006721996</subfield></datafield><datafield tag="002" ind1="a" ind2="1"><subfield code="a">19981014</subfield></datafield><datafield tag="002" ind1="a" ind2="2"><subfield code="a">19981026</subfield></datafield><datafield tag="003" ind1="-" ind2="2"><subfield code="a">20020426</subfield></datafield><datafield tag="010" ind1="-" ind2="1"><subfield code="a">HT006721996</subfield></datafield><controlfield tag="030">a|1uc||||||||</controlfield><datafield tag="036" ind1="a" ind2="2"><subfield code="a">DE</subfield></datafield><datafield tag="037" ind1="b" ind2="2"><subfield code="a">ger</subfield></datafield><datafield tag="070" ind1="-" ind2="1"><subfield code="a">292</subfield></datafield><datafield tag="070" ind1="-" ind2="2"><subfield code="a">292</subfield></datafield><datafield tag="070" ind1="b" ind2="2"><subfield code="a">HBZ/Red</subfield></datafield><datafield tag="080" ind1="-" ind2="1"><subfield code="a">60</subfield></datafield><datafield tag="080" ind1="-" ind2="2"><subfield code="a">60</subfield></datafield><datafield tag="089" ind1="-" ind2="1"><subfield code="a">1</subfield></datafield><datafield tag="090" ind1="-" ind2="1"><subfield code="a">1</subfield></datafield><datafield tag="100" ind1="-" ind2="2"><subfield code="p">Berger, Rolf</subfield><subfield code="9">(DE-588)104763264</subfield></datafield><datafield tag="331" ind1="-" ind2="2"><subfield code="a">Hirsauer Baukunst</subfield></datafield><datafield tag="335" ind1="-" ind2="2"><subfield code="a">ihre Grundlagen, Geschichte und Bedeutung</subfield></datafield><datafield tag="359" ind1="-" ind2="2"><subfield code="a">Rolf Berger</subfield></datafield><datafield tag="403" ind1="-" ind2="1"><subfield code="a">1. Aufl.</subfield></datafield><datafield tag="410" ind1="-" ind2="2"><subfield code="a">Witterschlick/Bonn</subfield></datafield><datafield tag="412" ind1="-" ind2="2"><subfield code="a">Wehle</subfield></datafield><datafield tag="425" ind1="b" ind2="2"><subfield code="a">1995</subfield></datafield><datafield tag="425" ind1="a" ind2="1"><subfield code="a">1995</subfield></datafield><datafield tag="433" ind1="-" ind2="1"><subfield code="a">370 S., [42] Bl. : Ill., Kt.</subfield></datafield><datafield tag="451" ind1="-" ind2="2"><subfield code="a">Beiträge zur Kunstgeschichte ; 12</subfield></datafield><datafield tag="453" ind1="-" ind2="2"><subfield code="a">HT003232110</subfield></datafield><datafield tag="455" ind1="-" ind2="2"><subfield code="a">12</subfield></datafield><datafield tag="456" ind1="-" ind2="2"><subfield code="a">12</subfield></datafield><datafield tag="523" ind1="-" ind2="2"><subfield code="p">Erschienen</subfield><subfield code="a">Bd. 1 - 2 in drei Bd.</subfield></datafield><datafield tag="540" ind1="a" ind2="1"><subfield code="a">3-89573-027-0</subfield><subfield code="b">Pb. : DM 148.00</subfield></datafield><datafield tag="540" ind1="a" ind2="1"><subfield code="a">3-89573-028-9</subfield><subfield code="b">Hgewebe : DM 183.00</subfield></datafield><datafield tag="540" ind1="a" ind2="2"><subfield code="a">3-89573-043-2</subfield></datafield><datafield tag="540" ind1="a" ind2="2"><subfield code="a">3-89573-044-0</subfield></datafield><datafield tag="902" ind1="-" ind2="2"><subfield code="s">Hirsauer Bauschule</subfield><subfield code="9">(DE-588)4159949-4</subfield></datafield><datafield tag="902" ind1="-" ind2="2"><subfield code="z">Geschichte</subfield></datafield><controlfield tag="SYS">008391846</controlfield><datafield tag="LOW" ind1="-" ind2="1"><subfield code="a">A0001</subfield></datafield><datafield tag="LOW" ind1="-" ind2="1"><subfield code="a">B0001</subfield></datafield><datafield tag="LOW" ind1="-" ind2="1"><subfield code="a">Q1142</subfield></datafield><datafield tag="LOW" ind1="-" ind2="1"><subfield code="a">Q0001</subfield></datafield><datafield tag="LOW" ind1="-" ind2="1"><subfield code="a">L0001</subfield></datafield><datafield tag="952" ind1="-" ind2="2"><subfield code="g">Hirsau</subfield><subfield code="x">Künstlerschule</subfield></datafield><datafield tag="088" ind1=" " ind2=" "><subfield code="a">51</subfield><subfield code="b">00000000</subfield><subfield code="c">01-18.14.87-1</subfield><subfield code="e">ILL Ausleihe</subfield></datafield><datafield tag="088" ind1=" " ind2=" "><subfield code="a">5/7</subfield><subfield code="b">00058001</subfield><subfield code="c">JA 956/10 (1)</subfield><subfield code="e">keine ILL</subfield></datafield><datafield tag="088" ind1=" " ind2=" "><subfield code="a">294</subfield><subfield code="b">00000014</subfield><subfield code="c">PLB12435-1</subfield><subfield code="e">ILL Ausleihe</subfield></datafield><datafield tag="088" ind1=" " ind2=" "><subfield code="a">5</subfield><subfield code="b">00000010</subfield><subfield code="c">97/328 (1)</subfield><subfield code="e">ILL Ausleihe</subfield></datafield><datafield tag="088" ind1=" " ind2=" "><subfield code="a">82</subfield><subfield code="b">00000000</subfield><subfield code="c">GB5650-12</subfield><subfield code="e">ILL Ausleihe</subfield></datafield><datafield tag="088" ind1=" " ind2=" "><subfield code="a">Tr 2</subfield><subfield code="b">M</subfield><subfield code="c">FB 385:1</subfield><subfield code="e">ausleihbar/M</subfield></datafield><datafield tag="088" ind1=" " ind2=" "><subfield code="a">385</subfield><subfield code="b">33</subfield><subfield code="c">DT.HIR/pb19372-1</subfield><subfield code="e">Präsenzbestand</subfield></datafield><datafield tag="088" ind1=" " ind2=" "><subfield code="a">Lan 1</subfield><subfield code="b">FRHLD</subfield><subfield code="c">kun 41-350/1</subfield><subfield code="e">ausleihbar 4 Wo</subfield></datafield></record></metadata></record></ListRecords></OAI-PMH>